@Book{patterns,
 author    = "Martin Fowler",
 title     = "Patterns of Enterprise Application Architecture",
 publisher = "Addison Wesley",
 year      =  2009,
 edition   = "15th",
 isbn      = "0-321-12742-0"
}
